@book{medhi2010network,
  title={Network routing: algorithms, protocols, and architectures},
  author={Medhi, Deepankar},
  year={2010},
  publisher={Morgan Kaufmann}
}

@inproceedings{sahni2007dynamic,
  title={Dynamic tree bitmap for IP lookup and update},
  author={Sahni, Sartaj and Lu, Haibin},
  booktitle={Networking, 2007. ICN'07. Sixth International Conference on},
  pages={79--79},
  year={2007},
  organization={IEEE}
}

@inproceedings{wang2009memory,
  title={On memory management of tree-bitmap algorithm for IP address lookup},
  author={Wang, Yagang and Du, Huimin and Yang, Kangping},
  booktitle={Proc. 2nd International Symposium Computer Science and Computational Technology (ISCSCT 2009)},
  pages={418--422},
  year={2009}
}
